@Book{javainsel2,
  author 	=	{Christian Ullenboom},
  title 	=	{Java 7 - Mehr als eine Insel},
  publisher =	{Galileo Press},
  year 		=	{2012},
  address 	=	{Bonn},
  edition 	=	{1. Auflage},
  isbn		=	{978-3-8362-1507-7}
}