@Book{javainsel2,
  author 	=	{Christian Ullenboom},
  title 	=	{Java 7 - Mehr als eine Insel},
  publisher =	{Galileo Press},
  year 		=	{2012},
  address 	=	{Bonn},
  edition 	=	{1. Auflage},
  isbn		=	{978-3-8362-1507-7}
}
@Book{javainsel1,
  author 	=	{Christian Ullenboom},
  title 	=	{Java ist auch eine Insel},
  publisher =	{Galileo Press},
  year 		=	{2012},
  address 	=	{Bonn},
  edition 	=	{10. aktualisierte und überarbeitete Auflage},
  isbn		=	{978-3-8362-1802-3}
}
@Book{dhLibHandbuchJava,
  author 	=	{Guido Krüger and Hansen, Heiko},
  title 	=	{Handbuch der Java-Programmierung : Standard Edition 7},
  publisher =	{Addison-Wesley},
  year 		=	{2012},
  address 	=	{München},
  edition 	=	{7. Auflage},
  isbn		=	{978-3-8273-2751-2}
}
@Book{dhLibJetztJavaLernen,
  author 	=	{Dirk Louis and Müller, Peter},
  title 	=	{Jetzt lerne ich Java 7 : komplettes Starterkit für den erfolgreichen Einstieg in die Programmierung},
  publisher =	{Markt + Technik},
  year 		=	{2012},
  address 	=	{München},
  edition 	=	{1. Auflage},
  isbn		=	{978-3-8272-4439-0}
}
@Book{dhLibBlueJStart,
  author 	=	{Florian Siebler},
  title 	=	{Einführung in Java mit BlueJ : objektorientierte Programmierung für Einsteiger},
  publisher =	{Galileo Press},
  year 		=	{2011},
  address 	=	{Bonn},
  edition 	=	{1. Auflage},
  isbn		=	{978-3-8362-1630-2}
}
@Book{acmJava7,
  author 	=	{Daryl Mayer and Nikola Grecevski and Vijay Sundaresan},
  title 	=	{An introduction to Java development kit 7},
  publisher =	{CASCON 11 Proceedings of the 2011 Conference of the Center for Advanced Studies on Collaborative Research},
  year 		=	{2011},
  address 	=	{Riverton, NJ, USA},
  edition 	=	{IBM Canada Ltd.}
}